Untuk setiap referensi, baris pertama (Newton1687) merupakan label dan baris-baris berikutnya
merupakan atribut dari referensi yang akan digunakan. Umumnya, format referensi berikut sudah
disediakan oleh penyedia sumber referensi secara online dan bisa langsung digunakan di sini.

Lihat https://www.bibtex.com/g/bibtex-format/ untuk informasi lebih lanjut mengenai format
BibTex yang digunakan pada file ini.

@article{Newton1687,
  author={I. {Newton}},
  journal={Philosophi√¶ Naturalis Principia Mathematica},
  title={Axioms or Laws of Motion},
  year={1687}}

@misc{SpaceXBlueprint,
  title={Space X Blueprint},
  year=2021,
  url={https://id.pinterest.com/pin/344032859037191430/},
  urldate={2021-01-26}}

@article{JurnalElectroLuecat,
  author={Jati Widyo {Leksono} and Agung Samudra and Nanndo Yannuansa and Ahmad Fauzi},
  journal={Jurnal Electro Luceat},
  title={KENDALI MOBIL ROBOT MENGGUNAKAN ISYARAT TANGAN
BERBASIS ARDUINO},
  year={2020}}

@misc{mediapipe,
  title={MediaPipe Hands},
  year=2021,
  url={https://google.github.io/mediapipe/solutions/hands.html#mediapipe-hands},
  urldate={2022-12-18}}

@article{ProsidingSeminarNasionalFisika,
  author={Fauzia P. {Lestari}},
  journal={Jurnal Electro Luceat},
  title={Gesture control car: mengatur gerakan mobil hanya dengan memiringkan tangan},
  year={2019}}

@book{Bukusakti,
  author     = {Priyanto {Hidayatullah}},
  editor     = {},
  publisher  = {Stunning Vision AI Academy},
  title      = {Buku Sakti Deep Learning Computer Vision Menggunakan YOLO untuk Pemula},
  year       = {2021}
}

@article{JurnalTeknikITS,
  author    ={Arya Yudhi {Wijaya} and I Wayan Suartika E. P and Rully Soelaiman},
  journal   ={Jurnal Teknik ITS Vol 5},
  title     ={Klasifikasi Citra Menggunakan Convolutional Neural Network (CNN) pada Caltech 101},
  year      ={2016}}

@article{UniversitasDinamika,
  author={Muhammad Rifki Pratama {Nautica}},
  title={Hand Gesture Detection Sebagai Alat Bantu Ajar Berhitung Menggunakan Mediapipe dan Convolutional Neural Network Secara Realtime},
  year={2022}}

@misc{Convolutionallayer,
  title={Apa itu Convolutional Neural Network?},
  year=2019,
  url={https://medium.com/@16611110/apa-itu-convolutional-neural-network-836f70b193a4},
  urldate={2022-12-18}}

@misc{LinaQ,
  author       = {Lina {Qolbiyatul}},
  url = {https://medium.com/@16611110/apa-itu-convolutional-neural-network-836f70b193a4},
  title        = {Apa itu Convolutional Neural Network?},
  year         = {2019},
  urldate={2022-12-18}}

@article{gesturtangan,
  author={Arif Ardya {Wibowo}},
  journal={Jurnal Fotografi, Televisi, Animasi, Vol 17 No 2 Oktober 2021},
  title={Gestur Tangan Manusia dalam Karya Fotografi},
  year={2022}}

@article{CNN,
  author={Agung {Perdananto}},
  journal={ICT Vol 1 No PP001-010},
  title={Penerapan Deep Learning pada Aplikasi Prediksi Penyakit Penumonia Berbasis Convolutional Neural Network},
  year={2019}}

@misc{adit,
  author       = {Adit {Desphande}},
  url = {https://adeshpande3.github.io/A-Beginner's-Guide-To-Understanding-Convolutional-Neural-Networks/},
  title        = {A Beginner's Guide To Understanding Convolutional Neural Networks},
  year         = {2016},
  urldate={2022-12-18}}

@misc{mediapipe,
  author       = {{MediaPipeDev}},
  url = {https://google.github.io/mediapipe/solutions/hands.html},
  title        = {Mediapipe Hands},
  urldate={2022-12-18}}